@article{rutledge2014computational,
  title={A computational and neural model of momentary subjective well-being},
  author={Rutledge, Robb B and Skandali, Nikolina and Dayan, Peter and Dolan, Raymond J},
  journal={Proceedings of the National Academy of Sciences},
  volume={111},
  number={33},
  pages={12252--12257},
  year={2014},
  publisher={National Acad Sciences}
}

@Manual{R-base,
  title = {R: A Language and Environment for Statistical Computing},
  author = {{R Core Team}},
  organization = {R Foundation for Statistical Computing},
  address = {Vienna, Austria},
  year = {2023},
  url = {https://www.R-project.org/},
}
@Manual{R-papaja,
  title = {{papaja}: {Prepare} reproducible {APA} journal articles with {R Markdown}},
  author = {Frederik Aust and Marius Barth},
  year = {2023},
  note = {R package version 0.1.2},
  url = {https://github.com/crsh/papaja},
}
@Manual{R-tinylabels,
  title = {{tinylabels}: Lightweight Variable Labels},
  author = {Marius Barth},
  year = {2023},
  note = {R package version 0.2.4},
  url = {https://cran.r-project.org/package=tinylabels},
}
